@report{bmbf2024,
    title        = {Eckpunkte BMBF Forschungsdatengesetz},
    author       = {{Bundesministerium für Bildung und Forschung [BMBF]}},
    year         = 2024,
    month        = {02},
    day          = 28,
    url          = {https://www.bmbf.de/SharedDocs/Downloads/de/2024/240306_eckpunktepapier-forschungsdaten.pdf}
}
@report{datacite-mapping,
    title        = {DataCite to Dublin Core Mapping 4.4},
    author       = {{DataCite Metadata Working Group}},
    year         = 2021,
    publisher    = {DataCite e.V.},
    doi          = {10.14454/qn00-qx85}
}
@misc{datacite,
    title        = {DataCite Metadata Schema for the Publication and Citation of Research Data and Other Research Outputs},
    author       = {{DataCite Metadata Working Group}},
    year         = 2024,
    month        = {03},
    day          = 12,
    publisher    = {DataCite e.V.},
    doi          = {10.14454/g8e5-6293},
    version      = {4.5},
    urlaccess    = {2024-05-12}
}
@preamble{"\newcommand{\SortNoop}[1]{}"}
%Erlaubt das Sortieren von Nachnamen mit Adelspartikel
@book{dfg-gwp,
    title        = {Vorschläge zur Sicherung guter wissenschaftlicher Praxis},
    author       = {{Deutsche Forschungsgemeinschaft [DFG]}},
    year         = 2013,
    publisher    = {Wiley-VCH},
    address      = {Weinheim},
    doi          = {10.1002/9783527679188.oth1},
    isbn         = {978-3-527-67918-8},
    subtitle     = {Empfehlungen der Kommission \enquote{Selbstkontrolle in der Wissenschaft}}
}
@misc{dfg-richtlinie,
    title        = {Leitlinien zum Umgang mit Forschungsdaten},
    author       = {{Deutsche Forschungsgemeinschaft [DFG]}},
    year         = 2015,
    url          = {https://www.dfg.de/resource/blob/172112/4ea861510ea369157afb499e96fb359a/leitlinien-forschungsdaten-data.pdf}
}
@misc{dfg-positionspapier,
    title        = {Förderung von Informationsinfrastrukturen für die Wissenschaft},
    author       = {{Deutsche Forschungsgemeinschaft [DFG]}},
    year         = 2018,
    url          = {http://www.dfg.de/download/pdf/foerderung/programme/lis/positionspapier_informationsinfrastrukturen.pdf},
    subtitle     = {Ein Positionspapier der Deutschen Forschungsgemeinschaft}
}
@report{dfg2023-gesetz,
    title        = {Die Wissenschaft braucht ein Forschungsdatengesetz!},
    author       = {{Deutsche Forschungsgemeinschaft [DFG]}},
    year         = 2023,
    month        = {04},
    day          = 11,
    publisher    = {Zenodo},
    doi          = {10.5281/zenodo.8223970},
    version      = {v1},
    subtitle     = {Positionierung der Deutschen Forschungsgemeinschaft (DFG)}
}
@online{dublincore,
    title        = {DCMI Metadata Terms},
    author       = {{Dublin Core™ Metadata Initiative}},
    year         = 2020,
    month        = 01,
    day          = 20,
    url          = {https://www.dublincore.org/specifications/dublin-core/dcmi-terms/},
    urldate      = {2024-06-06}
}
@online{Forschungsdaten2024,
    title        = {Data Policies},
    author       = {{Forschungsdaten.org}},
    year         = 2024,
    url          = {https://www.forschungsdaten.org/index.php?title=Data_Policies&oldid=7865},
    urldate      = {2024-02-27}
}
@misc{nfdi-agreement,
    title        = {Bund-Länder-Vereinbarung zu Aufbau und Förderung einer Nationalen Forschungsdateninfrastruktur (NFDI)},
    author       = {{Gemeinsame Wissenschaftskonferenz [GWK]}},
    year         = 2018,
    month        = 11,
    day          = 26,
    url          = {https://www.gwk-bonn.de/fileadmin/Redaktion/Dokumente/Papers/NFDI.pdf}
}
@report{hrk-fdm,
    title        = {Management von Forschungsdaten – eine zentrale strategische Herausforderung für Hochschulleitungen},
    author       = {{Hochschulrektorenkonferenz [HRK]}},
    year         = 2014,
    url          = {https://www.hrk.de/fileadmin/_migrated/content_uploads/HRK_Empfehlung_Forschungsdaten_13052014_01.pdf},
    subtitle     = {Empfehlung der 16. Mitgliederversammlung der HRK am 13. Mai 2014 in Frankfurt am Main}
}
@dataset{Hochschulkompass-Liste,
    title        = {Liste der Hochschulen},
    author       = {{Hochschulrektorenkonferenz}},
    year         = 2024,
    publisher    = {{Hochschulkompass}},
    url          = {https://hs-kompass.de/kompass/xml/download/hs_liste.txt},
    urldate      = {2024-02-23},
    language     = {DE}
}
@techreport{ISO3166,
    title        = {ISO 3166-2:2020},
    author       = {{International Organization for Standardization [ISO]}},
    year         = 2020,
    month        = aug,
    address      = {Geneva, CH},
    volume       = 2020,
    type         = {Standard},
    key          = {ISO 3166-2:2020},
    subtitle     = {Codes for the representation of names of countries and their subdivisions. Part 2: Country subdivision code}
}
@misc{nfdi-foundation,
    title        = {Satzung},
    author       = {{Nationale Forschungsdateninfrastruktur}},
    year         = 2020,
    month        = 11,
    day          = 18,
    url          = {https://www.nfdi.de/wp-content/uploads/2021/05/Satzung-NFDI-eV.pdf}
}
@misc{luhfdm-richtlinie,
    title        = {Richtlinie zum Umgang mit Forschungsdaten an der Leibniz Universität Hannover},
    author       = {{Präsidium der Gottfried Wilhelm Leibniz Universität Hannover} and {Senat der Gottfried Wilhelm Leibniz Universität Hannover}},
    year         = 2020,
    month        = {06},
    url          = {https://www.uni-hannover.de/fileadmin/luh/content/dezernat4/FDM/200723_RichtlinieForschungsdatenLUH_v3.pdf},
    urldate      = {2024-03-11},
    version      = {3.0}
}
@book{Zahlenspiegel2013,
    title        = {Zahlenspiegel 2013 der Leibniz Universität Hannover},
    author       = {{Präsidium der Gottfried Wilhelm Leibniz Universität Hannover}},
    year         = 2013,
    publisher    = {Gutenberg Beuys Feindruckerei GmbH},
    series       = {Berichte der Leibniz Universität Hannover},
    number       = 13,
    issn         = {1869-1226, 1869-1242},
    url          = {https://www.uni-hannover.de/fileadmin/luh/content/planung_controlling/statistik/zahlenspiegel/zahlenspiegel_2013.pdf},
    urldate      = {2024-05-04}
}
@book{Zahlenspiegel2014,
    title        = {Zahlenspiegel 2014 der Leibniz Universität Hannover},
    author       = {{Präsidium der Gottfried Wilhelm Leibniz Universität Hannover}},
    year         = 2014,
    publisher    = {Gutenberg Beuys Feindruckerei GmbH},
    series       = {Berichte der Leibniz Universität Hannover},
    number       = 14,
    issn         = {1869-1226, 1869-1242},
    url          = {https://www.uni-hannover.de/fileadmin/luh/content/planung_controlling/statistik/zahlenspiegel/zahlenspiegel_2014.pdf},
    urldate      = {2024-05-04}
}
@book{Zahlenspiegel2015,
    title        = {Zahlenspiegel 2015 der Leibniz Universität Hannover},
    author       = {{Präsidium der Gottfried Wilhelm Leibniz Universität Hannover}},
    year         = 2015,
    publisher    = {Gutenberg Beuys Feindruckerei GmbH},
    series       = {Berichte der Leibniz Universität Hannover},
    number       = 15,
    issn         = {1869-1226, 1869-1242},
    url          = {https://www.uni-hannover.de/fileadmin/luh/content/planung_controlling/statistik/zahlenspiegel/zahlenspiegel_2015.pdf},
    urldate      = {2024-05-04}
}
@book{Zahlenspiegel2016,
    title        = {Zahlenspiegel 2016 der Leibniz Universität Hannover},
    author       = {{Präsidium der Gottfried Wilhelm Leibniz Universität Hannover}},
    year         = 2016,
    publisher    = {Gutenberg Beuys Feindruckerei GmbH},
    series       = {Berichte der Leibniz Universität Hannover},
    number       = 16,
    issn         = {1869-1226, 1869-1242},
    url          = {https://www.uni-hannover.de/fileadmin/luh/content/planung_controlling/statistik/zahlenspiegel/zahlenspiegel_2016.pdf},
    urldate      = {2024-05-04}
}
@book{Zahlenspiegel2017,
    title        = {Zahlenspiegel 2017 der Leibniz Universität Hannover},
    author       = {{Präsidium der Gottfried Wilhelm Leibniz Universität Hannover}},
    year         = 2017,
    publisher    = {Gutenberg Beuys Feindruckerei GmbH},
    series       = {Berichte der Leibniz Universität Hannover},
    number       = 17,
    issn         = {1869-1226, 1869-1242},
    url          = {https://www.uni-hannover.de/fileadmin/luh/content/planung_controlling/statistik/zahlenspiegel/zahlenspiegel_2017.pdf},
    urldate      = {2024-05-04}
}
@book{Zahlenspiegel2018,
    title        = {Zahlenspiegel 2018 der Leibniz Universität Hannover},
    author       = {{Präsidium der Gottfried Wilhelm Leibniz Universität Hannover}},
    year         = 2018,
    publisher    = {Gutenberg Beuys Feindruckerei GmbH},
    series       = {Berichte der Leibniz Universität Hannover},
    number       = 18,
    issn         = {1869-1226, 1869-1242},
    url          = {https://www.uni-hannover.de/fileadmin/luh/content/planung_controlling/statistik/zahlenspiegel/zahlenspiegel_2018.pdf},
    urldate      = {2024-05-04}
}
@book{Zahlenspiegel2019,
    title        = {Zahlenspiegel 2019 der Leibniz Universität Hannover},
    author       = {{Präsidium der Gottfried Wilhelm Leibniz Universität Hannover}},
    year         = 2019,
    publisher    = {Gutenberg Beuys Feindruckerei GmbH},
    series       = {Berichte der Leibniz Universität Hannover},
    number       = 19,
    issn         = {1869-1226, 1869-1242},
    url          = {https://www.uni-hannover.de/fileadmin/luh/content/planung_controlling/statistik/zahlenspiegel/zahlenspiegel_2019.pdf},
    urldate      = {2024-05-04}
}
@book{Zahlenspiegel2020,
    title        = {Zahlenspiegel 2020 der Leibniz Universität Hannover},
    author       = {{Präsidium der Gottfried Wilhelm Leibniz Universität Hannover}},
    year         = 2020,
    publisher    = {Gutenberg Beuys Feindruckerei GmbH},
    series       = {Berichte der Leibniz Universität Hannover},
    number       = 20,
    issn         = {1869-1226, 1869-1242},
    url          = {https://www.uni-hannover.de/fileadmin/luh/content/planung_controlling/statistik/zahlenspiegel/zahlenspiegel_2020.pdf},
    urldate      = {2024-05-04}
}
@book{Zahlenspiegel2021,
    title        = {Zahlenspiegel 2021 der Leibniz Universität Hannover},
    author       = {{Präsidium der Gottfried Wilhelm Leibniz Universität Hannover}},
    year         = 2021,
    publisher    = {Gutenberg Beuys Feindruckerei GmbH},
    series       = {Berichte der Leibniz Universität Hannover},
    number       = 21,
    issn         = {1869-1226, 1869-1242},
    url          = {https://www.uni-hannover.de/fileadmin/luh/content/planung_controlling/statistik/zahlenspiegel/zahlenspiegel_2021.pdf},
    urldate      = {2024-05-04}
}
@book{Zahlenspiegel2022,
    title        = {Zahlenspiegel 2022 der Leibniz Universität Hannover},
    author       = {{Präsidium der Gottfried Wilhelm Leibniz Universität Hannover}},
    year         = 2022,
    publisher    = {Gutenberg Beuys Feindruckerei GmbH},
    series       = {Berichte der Leibniz Universität Hannover},
    number       = 22,
    issn         = {1869-1226, 1869-1242},
    url          = {https://www.uni-hannover.de/fileadmin/luh/content/planung_controlling/statistik/zahlenspiegel/zahlenspiegel_2022.pdf},
    urldate      = {2024-05-04}
}
@book{Zahlenspiegel2023,
    title        = {Zahlenspiegel 2023 der Leibniz Universität Hannover},
    author       = {{Präsidium der Gottfried Wilhelm Leibniz Universität Hannover}},
    year         = 2023,
    publisher    = {Gutenberg Beuys Feindruckerei GmbH},
    series       = {Berichte der Leibniz Universität Hannover},
    number       = 23,
    issn         = {1869-1226, 1869-1242},
    url          = {https://www.uni-hannover.de/fileadmin/luh/content/planung_controlling/statistik/zahlenspiegel/luh_zahlenspiegel_2023.pdf},
    urldate      = {2024-05-04}
}
@software{r,
    title        = {R},
    author       = {{R Core Team}},
    year         = 2024,
    month        = {04},
    day          = 24,
    address      = {Wien, Österreich},
    url          = {https://www.R-project.org/},
    subtitle     = {A Language and Environment for Statistical Computing},
    organization = {R Foundation for Statistical Computing},
    version      = {4.4.0},
    type         = {Software}
}
@report{rfii2016,
    title        = {Leistung aus Vielfalt. Empfehlungen zu Strukturen, Prozessen und Finanzierung des Forschungsdatenmanagements in Deutschland},
    author       = {{Rat für Informationsinfrastrukturen [RfII]}},
    year         = 2016,
    month        = {05},
    address      = {Göttingen},
    url          = {http://nbn-resolving.de/urn:nbn:de:101:1-201606229098}
}
@misc{rfii-gesetz,
    title        = {Anforderungen an die Ausgestaltung eines Forschungsdatengesetzes und eines Dateninstituts},
    author       = {{Rat für Informationsinfrastrukturen [RfII]}},
    year         = 2023,
    month        = {07},
    day          = 10,
    address      = {Göttingen},
    url          = {https://rfii.de/download/10-07-2023-pressemitteilung-diskussionsimpuls-zum-forschungsdatengesetz-und-dateninstitut/},
    urlaccess    = {2024-06-07}
}
@online{re3data-institutional,
    author       = {{re3data.org}},
    year         = 2024,
    month        = 6,
    day          = 6,
    url          = {https://www.re3data.org/search?query=&types%5B%5D=institutional&countries%5B%5D=DEU},
    urldate      = {2024-06-06},
    note         = {Suchanfrage für alle institutionellen Repositorien aus Deutschland},
    addendum     = {Suchergebnis archiviert unter \url{https://www.doi.org/10.5281/zenodo.11401021}}
}
@online{re3data-metadata,
    author       = {{re3data.org}},
    year         = 2024,
    month        = 6,
    day          = 6,
    url          = {https://www.re3data.org/search?query=%22ABCD+-+Access+to+Biological+Collection+Data%22%7C%22AVM+-+Astronomy+Visualization+Metadata%22%7C%22CF+%28Climate+and+Forecast%29+Metadata+Conventions%22%7C%22CIF+-+Crystallographic+Information+Framework%22%7C%22CIM+-+Common+Information+Model%22%7C%22CSMD-CCLRC+Core+Scientific+Metadata+Model%22%7C%22DCAT+-+Data+Catalog+Vocabulary%22%7C%22DDI+-+Data+Documentation+Initiative%22%7C%22DIF+-+Directory+Interchange+Format%22%7C%22Darwin+Core%22%7C%22DataCite+Metadata+Schema%22%7C%22Dublin+Core%22%7C%22EML+-+Ecological+Metadata+Language%22%7C%22FGDC%2FCSDGM+-+Federal+Geographic+Data+Committee+Content+Standard+for+Digital+Geospatial+Metadata%22%7C%22FITS+-+Flexible+Image+Transport+System%22%7C%22Genome+Metadata%22%7C%22ISA-Tab%22%7C%22ISO+19115%22%7C%22International+Virtual+Observatory+Alliance+Technical+Specifications%22%7C%22MIBBI+-+Minimum+Information+for+Biological+and+Biomedical+Investigations%22%7C%22MIDAS-Heritage%22%7C%22OAI-ORE+-+Open+Archives+Initiative+Object+Reuse+and+Exchange%22%7C%22PROV%22%7C%22QuDEx+-+Qualitative+Data+Exchange+Format%22%7C%22RDF+Data+Cube+Vocabulary%22%7C%22Repository-Developed+Metadata+Schemas%22%7C%22SDMX+-+Statistical+Data+and+Metadata+Exchange%22%7C%22SPASE+Data+Model%22},
    urldate      = {2024-06-06},
    note         = {Suchanfrage für alle Repositorien mit Informationen zu einem Metadatenschemata mit Eigennamen},
    addendum     = {Suchergebnis archiviert unter \url{https://www.doi.org/10.5281/zenodo.11401021}}
}
@online{luhfdm-extern,
    title        = {Externe Informations-Portale},
    author       = {{Service-Team Forschungsdaten}},
    year         = 2023,
    month        = {01},
    day          = {05},
    url          = {https://www.fdm.uni-hannover.de/de/materialien/externe-informationen},
    urldate      = {2024-06-05}
}
@dataset{luh-repo,
    title        = {Institutionelle Repositorium der Leibniz Universität Hannover},
    author       = {{Technische Informationsbibliothek [TIB]}},
    year         = 2024,
    url          = {https://www.repo.uni-hannover.de/oai/request?verb=Identify},
    urldate      = {2024-03-21},
    language     = {DE}
}
@report{Archambault2014,
    title        = {Proportion of Open Access Papers Published in Peer-Reviewed Journals at the European and World Levels—1996--2013},
    author       = {Archambault, Éric and Amyot, Didier and Deschamps, Philippe and Nicol, Aurore and Provencher, Françoise and Rebout, Lise and Roberge, Guillaume},
    year         = 2014,
    month        = 10,
    day          = 22,
    publisher    = {European Commission}
}
@article{Bautista-Puig2020,
    title        = {Do journals flipping to gold open access show an OA citation or publication advantage?},
    author       = {Bautista-Puig, Nuria and Lopez-Illescas, Carmen and de Moya-Anegon, Felix and Guerrero-Bote, Vicente and Moed, Henk F.},
    year         = 2020,
    month        = {09},
    day          = {01},
    journal      = {Scientometrics},
    volume       = 124,
    number       = 3,
    pages        = {2551--2575},
    doi          = {10.1007/s11192-020-03546-x},
    issn         = {1588-2861},
    abstract     = {The effects of Open Access (OA) upon journal performance are investigated. The key research question holds: How does the citation impact and publication output of journals switching (``flipping'') from non-OA to Gold-OA develop after their switch to Gold-OA? A review is given of the literature, with an emphasis on studies dealing with flipping journals. Two study sets with 119 and 100 flipping journals, derived from two different OA data sources (DOAJ and OAD), are compared with two control groups, one based on a standard bibliometric criterion, and a second controlling for a journal's national orientation. Comparing post-switch indicators with pre-switch ones in paired T-tests, evidence was obtained of an OA Citation advantage but not of an OA Publication Advantage. Shifts in the affiliation countries of publishing and citing authors are characterized in terms of countries' income class and geographical world region. Suggestions are made for qualitative follow-up studies to obtain more insight into OA flipping or reverse-flipping.}
}
@article{Tröger2016,
    title        = {Forschungsdatenmanagement an der Universität Münster},
    author       = {Beate Tröger},
    year         = 2016,
    journal      = {Bibliotheksdienst},
    volume       = 50,
    number       = 7,
    pages        = {616--622},
    doi          = {doi:10.1515/bd-2016-0076},
    lastchecked  = {2023-11-12}
}
@article{Bellanger2020,
    title        = {Forschungsdatenmanagement und Bibliotheken},
    author       = {Bellanger, Silke and Bagnoud, Gérard and Jambé, Carmen  and Blumer, Eliane and Rosenkranz, Simone and Schneider,  René and Steurer, Florian and Strebel, Stefanie and  Trautwein, Clemens and Töwe, Matthias},
    year         = 2020,
    month        = 8,
    journal      = {VSH-AEU Bulletin},
    volume       = 2,
    pages        = {11--21},
    url          = {http://arodes.hes-so.ch/record/12288},
    lastchecked  = {2023-11-12}
}
@article{Björk2012,
    title        = {Open access versus subscription journals},
    author       = {Björk, Bo-Christer and Solomon, David},
    year         = 2012,
    month        = {07},
    day          = 17,
    journal      = {BMC Medicine},
    volume       = 10,
    number       = 1,
    pages        = 73,
    doi          = {10.1186/1741-7015-10-73},
    issn         = {1741-7015},
    subtitle     = {A comparison of scientific impact},
    abstract     = {In the past few years there has been an ongoing debate as to whether the proliferation of open access (OA) publishing would damage the peer review system and put the quality of scientific journal publishing at risk. Our aim was to inform this debate by comparing the scientific impact of OA journals with subscription journals, controlling for journal age, the country of the publisher, discipline and (for OA publishers) their business model.}
}
@article{Briney2015-Policy,
    title        = {Do You Have an Institutional Data Policy?},
    author       = {Briney, Kristin and Goben, Abigail and Zilinski, Lisa},
    journal      = {Journal of Librarianship and Scholarly Communication},
    volume       = 3,
    number       = 2,
    pages        = {eP1232},
    doi          = {10.7710/2162-3309.1232},
    subtitle     = {A Review of the Current Landscape of Library Data Services and Institutional Data Policies}
}
@article{Campbell2019,
    title        = {Early Career Researchers Embrace Data Sharing},
    author       = {Campbell, Hamish A. and Micheli-Campbell, Mariana A. and Udyawer, Vinay},
    year         = 2019,
    month        = 2,
    journal      = {Trends in Ecology \&\ Evolution},
    volume       = 34,
    number       = 2,
    pages        = {95--98},
    doi          = {10.1016/j.tree.2018.11.010}
}
@software{Poppler,
    title        = {Poppler},
    author       = {Cid, Albert Astals and Campos, Carlos Garcia and Johnson, Adrian and others},
    year         = 2024,
    publisher    = {FreeDesktop.org},
    url          = {https://gitlab.freedesktop.org/poppler/poppler},
    version      = {24.05.0},
    addendum     = {Letzter Commit: \href{https://gitlab.freedesktop.org/poppler/poppler/-/commit/14191296ae72398638d2a4af67d783ee120a998c}{14191296}},
    type         = {Software}
}
@article{Cousijn2019,
    title        = {Bringing Citations and Usage Metrics Together to Make Data Count},
    author       = {Cousijn, Helena and Feeney, Patricia and Lowenberg, Daniella and Presani, Eleonora and Simons, Natasha},
    year         = 2019,
    journal      = {Data Science Journal},
    volume       = 18,
    number       = 9,
    pages        = {1--7},
    doi          = {10.5334/dsj-2019-009}
}
@inbook{Cramer1946,
    title        = {The two-dimensional case},
    author       = {Cramér, Harald},
    year         = 1946,
    booktitle    = {Mathematical Methods of Statistics},
    publisher    = {Princeton University Press},
    address      = {Princeton},
    pages        = {260--290},
    isbn         = {0-691-08004-6}
}
@article{Dellmann2022,
    title        = {Relevante Faktoren für eine gelungene Implementierung von FDM-Services vor Ort},
    author       = {Dellmann, Sarah},
    year         = 2022,
    month        = 9,
    journal      = {Bausteine Forschungsdatenmanagement},
    number       = 2,
    doi          = {10.17192/bfdm.2022.2.8428},
    url          = {https://bausteine-fdm.de/article/view/8428},
    subtitle     = {Ergebnisse einer Befragung von FDM-Mitarbeiter*innen an hessischen Hochschulen},
    abstract     = {Eine Vielzahl von Initiativen und Förderprogrammen zielt darauf, die Etablierung von Forschungsdatenmanagement (FDM) an deutschen Wissenschaftseinrichtungen voranzutreiben. Die Initiativen und Programme unterscheiden sich in Bezug auf Zielgruppe und gewählte Implementierungsstrategie. Welche hochschulinternen und -übergreifenden Faktoren sind für die gelungene Implementierung von FDM-Angeboten vor Ort ausschlaggebend?&amp;lt;/p&amp;gt; &amp;lt;p&amp;gt;Der vorliegende Beitrag präsentiert Ergebnisse einer Interviewbefragung unter FDM-Mitarbeiter*innen an hessischen Hochschulen (Universitäten und staatliche Hochschulen für Angewandte Wissenschaften) im November 2020, die mittels qualitativer Inhaltsanalyse ausgewertet wurden. Neben Auﬂagen von Forschungsförderern sowie der Möglichkeit, sich über FDM hochschulpolitisch zu positionieren, wurden die Verstetigung von Stellen, Engagement der Hochschulleitung und gute Kommunikation der beteiligten zentralen Einrichtungen untereinander, insbesondere mit der Drittmittelstelle, als relevant genannt. Eine besondere Bedeutung bei der Schaffung von FDM-Services maßen die Interviewteilnehmer*innen der Hessischen Forschungsdateninfrastruktur HeFDI bei.&amp;lt;/p&amp;gt;}
}
@online{dnb2017,
    title        = {Policy der Deutschen Nationalbibliothek für dissertationsbezogene Forschungsdaten},
    author       = {Deutsche~Nationalbibliothek~[DNB]},
    year         = 2017,
    publisher    = {Deutsche Nationalbibliothek},
    url          = {https://d-nb.info/114060242X/34},
    misc         = {Version 1.1}
}
@article{Eisentraut,
    title        = {Open Access in der Rechtswissenschaft},
    author       = {Eisentraut, Nikolas},
    year         = 2018,
    journal      = {Recht, Bibliothek, Dokumentation [RBD]},
    volume       = 48,
    number       = {2--3},
    pages        = {87--92},
    doi          = {10.17169/refubium-26494},
    issn         = {0935-2538}
}
@article{Fischer2022-Jura,
    title        = {Im Ringen um Erkenntnis und Anerkennung},
    author       = {Fischer, Georg},
    year         = 2022,
    journal      = {RuZ - Recht und Zugang},
    publisher    = {Nomos},
    address      = {Baden-Baden},
    volume       = 3,
    number       = 1,
    pages        = {19--49},
    doi          = {10.5771/2699-1284-2022-1-19},
    issn         = {2699-1284 [Druck], 2942-3368 [Online]},
    subtitle     = {Wie Rechtswissenschaftler*innen das eigene akademische Publizieren im Zuge von Open Access sehen},
    editor       = {de la Durantaye, Katharina and Euler, Ellen and Kemmerer, Alexandra and Klimpel, Paul and Nestl, Andreas and Niederalt, Stephanie and Raue, Benjamin and Specht-Riemenschneider, Louisa and Steinhauer, Eric W.}
}
@misc{Gray2009,
    title        = {Data Quality Pyramid},
    author       = {Gray, Jim},
    year         = 2009,
    month        = {04},
    day          = 20,
    url          = {https://www.slideshare.net/JamesWGray/data-quality-pyramid},
    urlaccess    = {2024-05-12}
}
@incollection{Hamann2019-OA,
    title        = {Open Access bei der Veröffentlichung rechtswissenschaftlicher Fachliteratur},
    author       = {Hamann, Hanjo and Hürlimann, Daniel},
    year         = 2019,
    booktitle    = {Open Access in der Rechtswissenschaft},
    publisher    = {Nomos},
    address      = {Baden-Baden},
    pages        = {3--30},
    doi          = {10.5771/9783748903659-9},
    isbn         = {978-3-7489-0365-9},
    subtitle     = {Was soll das?},
    edition      = 1,
    editor       = {Hamann, Hanjo and Hürlimann, Daniel}
}
@report{Hiemenz2018-fdm-report,
    title        = {Evaluation institutioneller Forschungsdaten-Policies in Deutschland},
    author       = {Hiemenz, Bea Maria and Kuberek, Monika},
    year         = 2018,
    month        = 12,
    day          = {05},
    publisher    = {Technische Universität Berlin},
    doi          = {10.14279/depositonce-7324.2},
    subtitle     = {Analyse und Abgleich mit internationalen Empfehlungen},
    language     = {de}
}
@article{Hiemenz2018-fdm-title,
    title        = {Leitlinie? Grundsätze? Policy? Richtlinie? -- Forschungsdaten-Policies an deutschen Universitäten},
    author       = {Hiemenz, Bea Maria and Kuberek, Monika},
    year         = 2018,
    month        = 6,
    day          = 13,
    journal      = {o-bib. Das offene Bibliotheksjournal},
    publisher    = {Verein Deutscher Bibliothekarinnen und Bibliothekare [VDB]},
    volume       = 5,
    number       = 2,
    pages        = {1--13},
    doi          = {10.5282/o-bib/2018H2S1-13},
    abstract     = {Die Anzahl der Forschungsdaten-Policies an deutschen Universit{\"a}ten ist seit 2014 deutlich gestiegen und die Kurve geht kontinuierlich nach oben. Eine Besonderheit der deutschen Policies ist auf den ersten Blick ersichtlich: Es gibt keine einheitliche Bezeichnung -- verwendet werden „Leitlinie``, „Grunds{\"a}tze``, „Policy``, „Richtlinie``. Auch zeigen die Policies deutliche Unterschiede auf, was Umfang und Inhalte angeht. Um die Forschungsdaten-Policies an deutschen Universit{\"a}ten weiter zu bef{\"o}rdern, entwickelt die Technische Universit{\"a}t Berlin seit August 2017 im BMBF-Projekt „Modalit{\"a}ten und Entwicklung institutioneller Forschungsdaten-Policies`` entsprechende Handlungsanleitungen. Ziel der ersten Projektphase ist die Konzeptionierung und Erstellung eines „Baukastens`` f{\"u}r institutionelle Forschungsdaten-Policies („Policy-Kit``). Als methodischer Ansatz werden ForschungsdatenPolicies deutscher Hochschulen gesammelt und evaluiert und mit internationalen Empfehlungen zu Forschungsdaten-Policies abgeglichen. Die Ergebnisse werden in diesem Artikel vorgestellt.The number of research data policies at German universities has increased significantly since 2014 and there is a continuous trend upward. At first glance, a special characteristic of the German policies is evident: There is no single term, but there are several terms in use -- ``Leitlinie'', ``Grunds{\"a}tze'', ``Policy'', ``Richtlinie''. The policies also show significant differences regarding scope and content. In the course of the BMBF project ``Modalities and development of institutional research data policies'', the Technische Universit{\"a}t Berlin is developing instructions to further promote the research data policies at German universities. The goal of the first phase of the project is the design and creation of a ``construction kit'' for institutional research data policies (``Policy Kit''). As a methodological approach, research data policies of German universities are collected and evaluated, and compared to international recommendations on research data policies. The results are presented in this article.},
    language     = {de}
}
@report{Hopf2022,
    title        = {Wirkungen von Open Access. Literaturstudie über empirische Arbeiten 2010-2021},
    author       = {Hopf, David and Dellmann, Sarah and Hauschke, Christian and Tullney, Marco},
    year         = 2022,
    publisher    = {Technische Informationsbibliothek [TIB]},
    address      = {Hannover},
    doi          = {10.34657/7666}
}
@article{KleinebergKaden2018,
    title        = {Zur Veröffentlichung dissertationsbezogener Forschungsdaten: Perspektiven und Kompetenzen von Promovierenden an Berliner Universitäten},
    author       = {Kaden, Ben and Kleineberg, Michael},
    year         = 2018,
    month        = 10,
    journal      = {Bausteine Forschungsdatenmanagement},
    number       = 1,
    pages        = {64–69},
    doi          = {10.17192/bfdm.2018.1.7938},
    url          = {https://bausteine-fdm.de/article/view/7938},
    lastchecked  = {2023-11-12}
}
@article{Kaden2018,
    title        = {Wissenschaftliche Bibliotheken als Akteure im Forschungsdatenmanagement},
    author       = {Kaden, Ben},
    year         = 2018,
    journal      = {LIBREAS. Library Ideas},
    volume       = 33,
    pages        = {1--8},
    doi          = {10.18452/19284},
    issn         = {1860-7950}
}
@article{Pearson1900,
    title        = {On the criterion that a given system of deviations from the probable in the case of a correlated system of variables is such that it can be reasonably supposed to have arisen from random sampling},
    author       = {Karl Pearson},
    year         = 1900,
    journal      = {The London, Edinburgh, and Dublin Philosophical Magazine and Journal of Science},
    publisher    = {Taylor \& Francis},
    volume       = 50,
    number       = 302,
    pages        = {157--175},
    doi          = {10.1080/14786440009463897}
}
@article{Khan2024,
    author       = {Khan, Aasif Mohammad and Loan, Fayaz Ahmad and Parray, Umer Yousuf and Rashid, Sozia},
    year         = 2024,
    journal      = {Information Discovery and Delivery},
    publisher    = {Emerald Insight},
    volume       = 52,
    number       = 1,
    doi          = {10.1108/IDD-07-2022-0069},
    issn         = {2398-6247}
}
@dataset{my-dataset,
    title        = {Datensatz zu \enquote{Publikationspraktiken für Forschungsdaten in Hochschulschriften: Eine Untersuchung der Veröffentlichungsformate und -methoden}},
    author       = {Krassnig, David},
    year         = 2024,
    month        = 06,
    publisher    = {Zenodo},
    doi          = {10.5281/zenodo.11401021},
    language     = {DE}
}
@software{Krassnig2024-csv,
    title        = {Simple CSV Sampler},
    author       = {Krassnig, David},
    year         = 2024,
    publisher    = {GitHub},
    url          = {https://github.com/DavidKrassnig/simple-csv-sampler},
    urldate      = {2024-02-25},
    version      = {1.0.0},
    addendum     = {Letzter Commit: \href{https://github.com/DavidKrassnig/simple-csv-sampler/tree/0fae7ec63b992bef6154c762a6fe4e2cf9168d93}{0fae7ec}},
    type         = {Software}
}
@software{Krassnig2024-dspace,
    title        = {Simple DSpace5 Sampler},
    author       = {Krassnig, David},
    year         = 2024,
    publisher    = {GitHub},
    url          = {https://github.com/DavidKrassnig/simple-dspace5-downloader},
    urldate      = {2024-05-28},
    version      = {1.0.0},
    addendum     = {Letzter Commit: \href{https://github.com/DavidKrassnig/simple-dspace5-downloader/tree/91b146e7791a9cdeeae98928883dfa61c1d98485}{91b146e}},
    type         = {Software}
}
@misc{SarahPC,
    author       = {Krassnig, Sarah Ceylan},
    date         = {2024-04-02},
    howpublished = {Mündliches Gespräch [persönliche Kommunikation]}
}
@software{dataseer,
    title        = {DataSeer-ML},
    author       = {Lopez, Patrice and Kieffer, Nicolas and others},
    year         = 2023,
    publisher    = {GitHub},
    url          = {https://github.com/DataSeer/dataseer-ml},
    urldate      = {2024-02-25},
    addendum     = {Letzter Commit: \href{https://github.com/DataSeer/dataseer-ml/tree/00efd6df23c307a726e52873b63ff2f90ce13a3b}{00efd6d}},
    type         = {Software}
}
@article{Martin2013Wissenschaftliche,
    title        = {Wissenschaftliche Bibliotheken als Akteure im Forschungsdatenmanagement},
    author       = {Martin, Christiane Laura},
    year         = 2013,
    journal      = {LIBREAS. Library Ideas},
    volume       = 23,
    pages        = {12--21},
    doi          = {10.18452/9039},
    issn         = {1860-7950},
    issuetitle   = {Forschungsdaten. Metadaten. Noch mehr Daten. Forschungsdatenmanagement}
}
@article{Pampel2013,
    title        = {Making Research Data Repositories Visible: The re3data.org Registry},
    author       = {Pampel, Heinz AND Vierkant, Paul AND Scholze, Frank AND Bertelmann, Roland AND Kindling, Maxi AND Klump, Jens AND Goebelbecker, Hans-Jürgen AND Gundlach, Jens AND Schirmbacher, Peter AND Dierolf, Uwe},
    year         = 2013,
    month        = 11,
    journal      = {PLOS ONE},
    publisher    = {Public Library of Science},
    volume       = 8,
    number       = 11,
    pages        = {e78080},
    doi          = {10.1371/journal.pone.0078080},
    abstract     = {Researchers require infrastructures that ensure a maximum of accessibility, stability and reliability to facilitate working with and sharing of research data. Such infrastructures are being increasingly summarized under the term Research Data Repositories (RDR). The project re3data.org–Registry of Research Data Repositories–has begun to index research data repositories in 2012 and offers researchers, funding organizations, libraries and publishers an overview of the heterogeneous research data repository landscape. In July 2013 re3data.org lists 400 research data repositories and counting. 288 of these are described in detail using the re3data.org vocabulary. Information icons help researchers to easily identify an adequate repository for the storage and reuse of their data. This article describes the heterogeneous RDR landscape and presents a typology of institutional, disciplinary, multidisciplinary and project-specific RDR. Further the article outlines the features of re3data.org, and shows how this registry helps to identify appropriate repositories for storage and search of research data.}
}
@incollection{Pearson1904,
    title        = {On the Theory Of Contingency and Its Relation To Association and Normal Correlation},
    author       = {Pearson, Karl},
    year         = 1904,
    booktitle    = {Mathematical Contributions to the Theory of Evolution},
    series       = {Drapers' Company Research Memoirs. Biometric Series},
    volume       = 1,
    number       = 13
}
@article{Piwowar2013-DataReuse,
    title        = {Data reuse and the open data citation advantage},
    author       = {Piwowar, Heather A. and Vision, Todd J.},
    year         = 2013,
    month        = 10,
    journal      = {PeerJ},
    volume       = 1,
    pages        = {e175},
    doi          = {10.7717/peerj.175},
    issn         = {2167-8359},
    keywords     = {Data reuse, Data repositories, Gene expression microarray, Incentives, Data archiving, Open data, Bibliometrics, Information science}
}
@article{Piwowar2018,
    title        = {The state of OA: a large-scale analysis of the prevalence and impact of Open Access articles},
    author       = {Piwowar, Heather and Priem, Jason and Larivière, Vincent and Alperin, Juan Pablo and Matthias, Lisa and Norlander, Bree and Farley, Ashley and West, Jevin and Haustein, Stefanie},
    year         = 2018,
    month        = 2,
    journal      = {PeerJ},
    volume       = 6,
    pages        = {e4375},
    doi          = {10.7717/peerj.4375},
    issn         = {2167-8359},
    keywords     = {Open access, Open science, Scientometrics, Publishing, Libraries, Scholarly communication, Bibliometrics, Science policy}
}
@online{ReillyEtAl2011,
    title        = {Opportunities of Data Exchange: Report on Integration of Data and Publications},
    author       = {Reilly, Susan and Schallier, Wouter  and Schrimpf, Sabine and Smit, Eefke and Wilkinson, Max},
    year         = 2011,
    url          = {https://hdl.handle.net/10013/epic.40198.d001},
    lastchecked  = {2023-11-12},
    %eprint      = {10013/epic.40198.d001},
    %eprinttype  = {hdl}
}
@inproceedings{Schöpfel2015,
    title        = {Dissertations and Data},
    author       = {Schöpfel, Joachim and Primož, Južnič and Prost,  Hélène and Malleret, Cécile and Češarek, Ana and Koler-Povh, Teja},
    year         = 2015,
    month        = 12,
    booktitle    = {GL17 International Conference on Grey Literature},
    address      = {Amsterdam, Niederlande},
    pages        = {1--33},
    url          = {https://hal.science/hal-01285304v1}
}
@article{Severin2020-Jura,
    title        = {Discipline-specific open access publishing practices and barriers to change},
    author       = {Severin, Anna and Egger, Matthias and Eve, Martin Paul and Hürlimann, Daniel},
    year         = 2020,
    journal      = {F1000Research},
    volume       = 7,
    doi          = {10.12688/f1000research.17328.2},
    subtitle     = {an evidence-based review},
    version      = 2
}
@misc{Simukovic2014InterviewFD,
    title        = {Was sind Ihre Forschungsdaten?},
    author       = {Simukovic, Elena and Thiele, Raphael and Struck, Alexander and Kindling, Maxi and Schirmbacher, Peter},
    year         = 2014,
    doi          = {10.18452/13600}
}
@article{starr2011iscitedby,
    title        = {isCitedBy},
    author       = {Starr, Joan and Gastl, Angela},
    year         = 2011,
    journal      = {D-Lib Magazine},
    volume       = 17,
    number       = {1/2},
    doi          = {10.1045/january2011-starr},
    issn         = {1082-9873},
    subtitle     = {A metadata scheme for DataCite}
}
@incollection{Steinhauer2019-OA,
    title        = {Zur Sichtbarkeit und Verbreitung rechtswissenschaftlicher Dissertationen},
    author       = {Steinhauer, Eric W.},
    year         = 2019,
    booktitle    = {Open Access in der Rechtswissenschaft},
    publisher    = {Nomos},
    address      = {Baden-Baden},
    pages        = {31--51},
    doi          = {10.5771/9783748903659-37},
    isbn         = {978-3-7489-0365-9},
    edition      = 1,
    editor       = {Hamann, Hanjo and Hürlimann, Daniel}
}
@article{Tenopir2011,
    title        = {Data Sharing by Scientists: Practices and Perceptions},
    author       = {Tenopir, Carol AND Allard, Suzie AND Douglass, Kimberly AND Aydinoglu, Arsev Umur AND Wu, Lei AND Read, Eleanor AND Manoff, Maribeth AND Frame, Mike},
    year         = 2011,
    month        = 6,
    journal      = {PLOS ONE},
    publisher    = {Public Library of Science},
    volume       = 6,
    number       = 6,
    pages        = {1--21},
    doi          = {10.1371/journal.pone.0021101},
    abstract     = {Background Scientific research in the 21st century is more data intensive and collaborative than in the past. It is important to study the data practices of researchers – data accessibility, discovery, re-use, preservation and, particularly, data sharing. Data sharing is a valuable part of the scientific method allowing for verification of results and extending research from prior results.   Methodology/Principal Findings A total of 1329 scientists participated in this survey exploring current data sharing practices and perceptions of the barriers and enablers of data sharing. Scientists do not make their data electronically available to others for various reasons, including insufficient time and lack of funding. Most respondents are satisfied with their current processes for the initial and short-term parts of the data or research lifecycle (collecting their research data; searching for, describing or cataloging, analyzing, and short-term storage of their data) but are not satisfied with long-term data preservation. Many organizations do not provide support to their researchers for data management both in the short- and long-term. If certain conditions are met (such as formal citation and sharing reprints) respondents agree they are willing to share their data. There are also significant differences and approaches in data management practices based on primary funding agency, subject discipline, age, work focus, and world region.   Conclusions/Significance Barriers to effective data sharing and preservation are deeply rooted in the practices and culture of the research process as well as the researchers themselves. New mandates for data management plans from NSF and other federal agencies and world-wide attention to the need to share and preserve data could lead to changes. Large scale programs, such as the NSF-sponsored DataNET (including projects like DataONE) will both bring attention and resources to the issue and make it easier for scientists to apply sound data management principles.}
}
@article{TenopirEtAl2017,
    title        = {Research Data Services in European Academic Research Libraries},
    author       = {Tenopir, Carol and Talja, Sanna and Horstmann, Wolfram and Late, Elina and Hughes, Dane and Pollock, Danielle and Schmidt, Birgit and Baird, Lynn and Sandusky, Robert and Allard, Suzie},
    year         = 2017,
    month        = 2,
    journal      = {LIBER Quarterly: The Journal of the Association of European Research Libraries},
    volume       = 27,
    number       = 1,
    pages        = {23–44},
    doi          = {10.18352/lq.10180},
    lastchecked  = {2023-11-12}
}
@inproceedings{Weisbrod2017eDissPlus,
    title        = {eDissPlus – Optionen für die Langzeitarchivierung dissertationsbezogener Forschungsdaten aus Sicht von Bibliotheken und Forschenden},
    author       = {Weisbrod, Dirk and Kaden, Ben and Kleineberg, Michael},
    year         = 2017,
    booktitle    = {E-Science-Tage: {Forschungsdaten managen}},
    publisher    = {Humboldt-Universität zu Berlin},
    pages        = {189--198},
    doi          = {10.18452/22310},
    lastchecked  = {2023-11-12}
}
@article{Weisbrod2018,
    title        = {Pflichtablieferung von Dissertationen mit Forschungsdaten an die DNB -- Anlagerungsformen und Datenmodell},
    author       = {Weisbrod, Dirk},
    year         = 2018,
    month        = 7,
    day          = 13,
    journal      = {o-bib. Das offene Bibliotheksjournal},
    volume       = 5,
    number       = 2,
    pages        = {72--78},
    doi          = {10.5282/o-bib/2018H2S72-78}
}
@software{dplyr,
    title        = {dplyr},
    author       = {Wickham, Hadley and François, Romain and Henry, Lionel and Müller, Kirill and Vaughan, Davis},
    url          = {https://github.com/tidyverse/dplyr},
    subtitle     = {A Grammar of Data Manipulation},
    version      = {1.1.4},
    addendum     = {Letzter Commit: \href{https://github.com/tidyverse/dplyr/tree/74de24448833278fc03c8ba5f455aa7c888295b8}{74de244}},
    type         = {Software [R-Paket]}
}
@article{Wilkinson2016,
    title        = {The FAIR Guiding Principles for scientific data management and stewardship},
    author       = {Wilkinson, Mark D. and Dumontier, Michel and Aalbersberg, IJsbrand Jan and Appleton, Gabrielle and Axton, Myles and Baak, Arie and Blomberg, Niklas and Boiten, Jan-Willem and da Silva Santos, Luiz Bonino and Bourne, Philip E. and Bouwman, Jildau and Brookes, Anthony J. and Clark, Tim and Crosas, Merc{\`e} and Dillo, Ingrid and Dumon, Olivier and Edmunds, Scott and Evelo, Chris T. and Finkers, Richard and Gonzalez-Beltran, Alejandra and Gray, Alasdair J.G. and Groth, Paul and Goble, Carole and Grethe, Jeffrey S. and Heringa, Jaap and 't Hoen, Peter A.C and Hooft, Rob and Kuhn, Tobias and Kok, Ruben and Kok, Joost and Lusher, Scott J. and Martone, Maryann E. and Mons, Albert and Packer, Abel L. and Persson, Bengt and Rocca-Serra, Philippe and Roos, Marco and van Schaik, Rene and Sansone, Susanna-Assunta and Schultes, Erik and Sengstag, Thierry and Slater, Ted and Strawn, George and Swertz, Morris A. and Thompson, Mark and van der Lei, Johan and van Mulligen, Erik and Velterop, Jan and Waagmeester, Andra and Wittenburg, Peter and Wolstencroft, Katherine and Zhao, Jun and Mons, Barend},
    year         = 2016,
    month        = 3,
    day          = 15,
    journal      = {Scientific Data},
    volume       = 3,
    number       = 1,
    pages        = {Artikelnummer 160018},
    doi          = {10.1038/sdata.2016.18},
    issn         = {2052-4463},
    abstract     = {There is an urgent need to improve the infrastructure supporting the reuse of scholarly data. A diverse set of stakeholders---representing academia, industry, funding agencies, and scholarly publishers---have come together to design and jointly endorse a concise and measureable set of principles that we refer to as the FAIR Data Principles. The intent is that these may act as a guideline for those wishing to enhance the reusability of their data holdings. Distinct from peer initiatives that focus on the human scholar, the FAIR Principles put specific emphasis on enhancing the ability of machines to automatically find and use the data, in addition to supporting its reuse by individuals. This Comment is the first formal publication of the FAIR Principles, and includes the rationale behind them, and some exemplar implementations in the community.}
}
@thesis{Wünsche2018Forschungsdaten,
    title        = {Forschungsdaten in musikwissenschaftlichen und musikpädagogischen Dissertationen: Eine Stichprobe anhand der im Jahr 2015 in Deutschland angenommenen Arbeiten},
    author       = {Wünsche, Stephan},
    year         = 2018,
    doi          = {10.18452/19457},
    school       = {Humboldt-Universität zu Berlin, Philosophische Fakultät},
    type         = {Masterarbeit}
}
@article{Younes2023,
    title        = {Question Answering Versus Named Entity Recognition for Extracting Unknown Datasets},
    author       = {Younes, Yousef and Scherp, Ansgar},
    year         = 2023,
    journal      = {IEEE Access},
    volume       = 11,
    pages        = {92775--92787},
    doi          = {10.1109/ACCESS.2023.3309148}
}


@article{Kindling2013,
  author          = {Kindling, Maxi und Schirmbacher, Peter},
  journal         = {Information – Wissenschaft – Praxis},
  title           = {\enquote{Die digitale Forschungswelt} als Gegenstand der Forschung},
  subtitle        = {Lehrstuhl Informationsmanagement},
  volume          = {64},
  number          = {2--3},
  year            = {2013},
  doi             = {10.1515/iwp-2013-0017},
  pages           = {127--136}
}
@software{libreoffice,
    title        = {LibreOffice},
    author       = {{The Document Foundation}},
    year         = 2024,
    month        = {05},
    day          = 24,
    url          = {https://www.libreoffice.org/},
    version      = {24.2.3.2},
    type         = {Software}
}